@article{purohit2013emergency,
  title={Emergency-relief coordination on social media: Automatically matching resource requests and offers},
  author={Purohit, Hemant and Castillo, Carlos and Diaz, Fernando and Sheth, Amit and Meier, Patrick},
  journal={First Monday},
  volume={19},
  number={1},
  year={2013}
}

@article{morstatter2013sample,
  title={Is the sample good enough? Comparing data from Twitter’s streaming API with Twitter’s firehose},
  author={Morstatter, Fred and Pfeffer, J{\"u}rgen and Liu, Huan and Carley, Kathleen M},
  journal={Proceedings of ICWSM},
  year={2013}
}

@inproceedings{hecht2011tweets,
  title={Tweets from Justin Bieber's heart: the dynamics of the location field in user profiles},
  author={Hecht, Brent and Hong, Lichan and Suh, Bongwon and Chi, Ed H},
  booktitle={Proceedings of the SIGCHI Conference on Human Factors in Computing Systems},
  pages={237--246},
  year={2011},
  organization={ACM}
}

@inproceedings{cheng2010you,
  title={You are where you tweet: a content-based approach to geo-locating twitter users},
  author={Cheng, Zhiyuan and Caverlee, James and Lee, Kyumin},
  booktitle={Proceedings of the 19th ACM international conference on Information and knowledge management},
  pages={759--768},
  year={2010},
  organization={ACM}
}